@ARTICLE{Reid2013C,
   author = {{Homer Reid}, M.~T. and {Johnson}, S.~G. and {White}, J.~K.},
    title = "{Generalized Taylor-Duffy Method for Efficient Evaluation of Galerkin Integrals in Boundary-Element Method Computations}",
  journal = {ArXiv e-prints},
archivePrefix = "arXiv",
   eprint = {1312.1703},
 primaryClass = "physics.comp-ph",
 keywords = {Physics - Computational Physics, Mathematics - Numerical Analysis},
     year = 2013,
    month = dec,
   adsurl = {http://adsabs.harvard.edu/abs/2013arXiv1312.1703H},
  adsnote = {Provided by the SAO/NASA Astrophysics Data System}
}

@article{Reid2013B,
  title = {Fluctuating surface currents: An algorithm for efficient prediction of {C}asimir interactions among arbitrary materials in arbitrary geometries},
  author = {Reid, M. T. Homer and White, Jacob and Johnson, Steven G.},
  journal = {Phys. Rev. A},
  volume = {88},
  issue = {2},
  pages = {022514},
  numpages = {24},
  year = {2013},
  month = {Aug},
  doi = {10.1103/PhysRevA.88.022514},
  url = {http://link.aps.org/doi/10.1103/PhysRevA.88.022514},
  publisher = {American Physical Society}
}

@article{Rodriguez2013B,
  title = {Fluctuating-surface-current formulation of radiative heat transfer: Theory and applications},
  author = {Rodriguez, Alejandro W. and Reid, M. T. H. and Johnson, Steven G.},
  journal = {Phys. Rev. B},
  volume = {88},
  issue = {5},
  pages = {054305},
  numpages = {20},
  year = {2013},
  month = {Aug},
  doi = {10.1103/PhysRevB.88.054305},
  url = {http://link.aps.org/doi/10.1103/PhysRevB.88.054305},
  publisher = {American Physical Society}
}

@article{Rodriguez2012C,
  title = {Fluctuating-surface-current formulation of radiative heat transfer for arbitrary geometries},
  author = {Rodriguez, Alejandro W. and Reid, M. T. Homer and Johnson, Steven G.},
  journal = {Phys. Rev. B},
  volume = {86},
  issue = {22},
  pages = {220302},
  numpages = {5},
  year = {2012},
  month = {Dec},
  doi = {10.1103/PhysRevB.86.220302},
  url = {http://link.aps.org/doi/10.1103/PhysRevB.86.220302},
  publisher = {American Physical Society}
}

@article{Reid2011,
  title = {Computation of {C}asimir interactions between arbitrary three-dimensional objects with arbitrary material properties},
  author = {Reid, M. T. Homer and White, Jacob and Johnson, Steven G.},
  journal = {Phys. Rev. A},
  volume = {84},
  issue = {1},
  pages = {010503},
  numpages = {4},
  year = {2011},
  month = {Jul},
  doi = {10.1103/PhysRevA.84.010503},
  url = {http://link.aps.org/doi/10.1103/PhysRevA.84.010503},
  publisher = {American Physical Society}
}

@article{Reid2009,
  title = {Efficient Computation of {C}asimir Interactions between Arbitrary 3D Objects},
  author = {Reid, M. T. Homer and Rodriguez, Alejandro W. and White, Jacob and Johnson, Steven G.},
  journal = {Phys. Rev. Lett.},
  volume = {103},
  issue = {4},
  pages = {040401},
  numpages = {4},
  year = {2009},
  month = {Jul},
  doi = {10.1103/PhysRevLett.103.040401},
  url = {http://link.aps.org/doi/10.1103/PhysRevLett.103.040401},
  publisher = {American Physical Society}
}

@ARTICLE{Reid2013A,
   author = {{Homer Reid}, M.~T. and {Johnson}, S.~G.},
    title = "{Efficient Computation of Power, Force, and Torque in BEM Scattering Calculations}",
  journal = {ArXiv e-prints},
archivePrefix = "arXiv",
   eprint = {1307.2966},
 primaryClass = "physics.comp-ph",
 keywords = {Physics - Computational Physics, Physics - Classical Physics},
     year = 2013,
    month = jul,
   adsurl = {http://adsabs.harvard.edu/abs/2013arXiv1307.2966H},
  adsnote = {Provided by the SAO/NASA Astrophysics Data System}
}

@ARTICLE{Chen1989,
author={Chen, Y.F.}, 
journal={Microwave Theory and Techniques, IEEE Transactions on}, 
title={A mathematical formulation of the equivalence principle}, 
year={1989}, 
month={Oct}, 
volume={37}, 
number={10}, 
pages={1576-1581}, 
keywords={electromagnetic field theory;electromagnetic induction;arbitrary shape;complex permeability;complex permittivity;electromagnetic field;equivalence principle;finite homogeneous body;induced EM field;Books;Electromagnetics;Geometry;Helium;Integral equations;Maxwell equations;Permeability;Region 1;Region 2}, 
doi={10.1109/22.41004}, 
ISSN={0018-9480},}

@article{Kruger2012,
  title = {Trace formulas for nonequilibrium Casimir interactions, heat radiation, and heat transfer for arbitrary objects},
  author = {Kr\"uger, Matthias and Bimonte, Giuseppe and Emig, Thorsten and Kardar, Mehran},
  journal = {Phys. Rev. B},
  volume = {86},
  issue = {11},
  pages = {115423},
  numpages = {26},
  year = {2012},
  month = {Sep},
  publisher = {American Physical Society},
  doi = {10.1103/PhysRevB.86.115423},
  url = {http://link.aps.org/doi/10.1103/PhysRevB.86.115423}
}
